<?xml version="1.0" encoding="UTF-8"?><record xmlns="http://www.loc.gov/MARC21/slim" xmlns:cinclude="http://apache.org/cocoon/include/1.0" xmlns:zs="http://www.loc.gov/zing/srw/">
  <leader>00434nz  a2200133n  4500</leader>
  <controlfield tag="001">no2001021079</controlfield>
  <controlfield tag="003">DLC</controlfield>
  <controlfield tag="005">20010317071056.0</controlfield>
  <controlfield tag="008">010316n| acannaabn          |n aaa     c</controlfield>
  <datafield tag="010" ind1=" " ind2=" ">
    <subfield code="a">no2001021079</subfield>
  </datafield>
  <datafield tag="035" ind1=" " ind2=" ">
    <subfield code="a">(OCoLC)oca05440454</subfield>
  </datafield>
  <datafield tag="040" ind1=" " ind2=" ">
    <subfield code="a">NmU</subfield>
    <subfield code="b">eng</subfield>
    <subfield code="c">NmU</subfield>
  </datafield>
  <datafield tag="100" ind1="1" ind2=" ">
    <subfield code="a">Higgins, Robert W.</subfield>
  </datafield>
  <datafield tag="670" ind1=" " ind2=" ">
    <subfield code="a">Water quantity and quality issues in coastal urban areas, c2000:</subfield>
    <subfield code="b">t.p. (Robert W. Higgins, P.E.; Higgins Engr. Inc., West Palm Beach, Fla.)</subfield>
  </datafield>
</record>